[gd_scene load_steps=18 format=2]

[ext_resource path="res://Assets/platform_metroidvania asset pack v1.0/herochar sprites/herochar_idle_anim_strip_4.png" type="Texture" id=1]
[ext_resource path="res://Assets/platform_metroidvania asset pack v1.0/herochar sprites/herochar_sword_attack_anim_strip_4.png" type="Texture" id=2]
[ext_resource path="res://Scenes/Object Scenes/Parts/Hurtbox.tscn" type="PackedScene" id=3]
[ext_resource path="res://Scenes/Object Scenes/Parts/Hitbox.tscn" type="PackedScene" id=4]
[ext_resource path="res://Scripts/Player.gd" type="Script" id=5]
[ext_resource path="res://Assets/platform_metroidvania asset pack v1.0/herochar sprites/herochar_death_anim_strip_8.png" type="Texture" id=6]
[ext_resource path="res://Assets/platform_metroidvania asset pack v1.0/herochar sprites/herochar_hit_anim_strip_3.png" type="Texture" id=7]
[ext_resource path="res://Assets/platform_metroidvania asset pack v1.0/herochar sprites/herochar_run_anim_strip_6.png" type="Texture" id=8]
[ext_resource path="res://Assets/SFX/sword_slash_raw.wav" type="AudioStream" id=9]

[sub_resource type="CapsuleShape2D" id=1]
radius = 2.0
height = 6.0

[sub_resource type="CapsuleShape2D" id=2]
radius = 6.99999
height = 8.00003

[sub_resource type="CapsuleShape2D" id=3]
radius = 6.0
height = 4.0

[sub_resource type="Animation" id=4]
length = 0.5
step = 0.05
tracks/0/type = "value"
tracks/0/path = NodePath("PlayerSprite:texture")
tracks/0/interp = 1
tracks/0/loop_wrap = true
tracks/0/imported = false
tracks/0/enabled = true
tracks/0/keys = {
"times": PoolRealArray( 0 ),
"transitions": PoolRealArray( 1 ),
"update": 1,
"values": [ ExtResource( 2 ) ]
}
tracks/1/type = "value"
tracks/1/path = NodePath("PlayerSprite:frame")
tracks/1/interp = 1
tracks/1/loop_wrap = true
tracks/1/imported = false
tracks/1/enabled = true
tracks/1/keys = {
"times": PoolRealArray( 0, 0.1, 0.2, 0.3 ),
"transitions": PoolRealArray( 1, 1, 1, 1 ),
"update": 1,
"values": [ 0, 1, 2, 3 ]
}
tracks/2/type = "value"
tracks/2/path = NodePath("PlayerSprite:vframes")
tracks/2/interp = 1
tracks/2/loop_wrap = true
tracks/2/imported = false
tracks/2/enabled = true
tracks/2/keys = {
"times": PoolRealArray( 0 ),
"transitions": PoolRealArray( 1 ),
"update": 1,
"values": [ 1 ]
}
tracks/3/type = "value"
tracks/3/path = NodePath("PlayerSprite:hframes")
tracks/3/interp = 1
tracks/3/loop_wrap = true
tracks/3/imported = false
tracks/3/enabled = true
tracks/3/keys = {
"times": PoolRealArray( 0 ),
"transitions": PoolRealArray( 1 ),
"update": 1,
"values": [ 4 ]
}
tracks/4/type = "value"
tracks/4/path = NodePath("PlayerSprite:offset")
tracks/4/interp = 1
tracks/4/loop_wrap = true
tracks/4/imported = false
tracks/4/enabled = true
tracks/4/keys = {
"times": PoolRealArray( 0 ),
"transitions": PoolRealArray( 1 ),
"update": 0,
"values": [ Vector2( 8, -6 ) ]
}
tracks/5/type = "value"
tracks/5/path = NodePath("Hitbox/CollisionShape2D:disabled")
tracks/5/interp = 1
tracks/5/loop_wrap = true
tracks/5/imported = false
tracks/5/enabled = true
tracks/5/keys = {
"times": PoolRealArray( 0, 0.2 ),
"transitions": PoolRealArray( 1, 1 ),
"update": 1,
"values": [ false, true ]
}
tracks/6/type = "value"
tracks/6/path = NodePath("Hurtbox/CollisionShape2D:disabled")
tracks/6/interp = 1
tracks/6/loop_wrap = true
tracks/6/imported = false
tracks/6/enabled = true
tracks/6/keys = {
"times": PoolRealArray( 0 ),
"transitions": PoolRealArray( 1 ),
"update": 1,
"values": [ false ]
}
tracks/7/type = "value"
tracks/7/path = NodePath("HitSFX:playing")
tracks/7/interp = 1
tracks/7/loop_wrap = true
tracks/7/imported = false
tracks/7/enabled = true
tracks/7/keys = {
"times": PoolRealArray( 0, 0.35 ),
"transitions": PoolRealArray( 1, 1 ),
"update": 1,
"values": [ true, false ]
}

[sub_resource type="Animation" id=5]
resource_name = "Player1_Death"
length = 0.8
tracks/0/type = "value"
tracks/0/path = NodePath("PlayerSprite:texture")
tracks/0/interp = 1
tracks/0/loop_wrap = true
tracks/0/imported = false
tracks/0/enabled = true
tracks/0/keys = {
"times": PoolRealArray( 0 ),
"transitions": PoolRealArray( 1 ),
"update": 1,
"values": [ ExtResource( 6 ) ]
}
tracks/1/type = "value"
tracks/1/path = NodePath("PlayerSprite:frame")
tracks/1/interp = 1
tracks/1/loop_wrap = true
tracks/1/imported = false
tracks/1/enabled = true
tracks/1/keys = {
"times": PoolRealArray( 0, 0.1, 0.2, 0.3, 0.4, 0.5, 0.6, 0.7 ),
"transitions": PoolRealArray( 1, 1, 1, 1, 1, 1, 1, 1 ),
"update": 1,
"values": [ 0, 1, 2, 3, 4, 5, 6, 7 ]
}
tracks/2/type = "value"
tracks/2/path = NodePath("PlayerSprite:vframes")
tracks/2/interp = 1
tracks/2/loop_wrap = true
tracks/2/imported = false
tracks/2/enabled = true
tracks/2/keys = {
"times": PoolRealArray( 0 ),
"transitions": PoolRealArray( 1 ),
"update": 1,
"values": [ 1 ]
}
tracks/3/type = "value"
tracks/3/path = NodePath("PlayerSprite:hframes")
tracks/3/interp = 1
tracks/3/loop_wrap = true
tracks/3/imported = false
tracks/3/enabled = true
tracks/3/keys = {
"times": PoolRealArray( 0 ),
"transitions": PoolRealArray( 1 ),
"update": 1,
"values": [ 8 ]
}
tracks/4/type = "value"
tracks/4/path = NodePath("PlayerSprite:offset")
tracks/4/interp = 1
tracks/4/loop_wrap = true
tracks/4/imported = false
tracks/4/enabled = true
tracks/4/keys = {
"times": PoolRealArray( 0 ),
"transitions": PoolRealArray( 1 ),
"update": 0,
"values": [ Vector2( -2, -6 ) ]
}
tracks/5/type = "value"
tracks/5/path = NodePath("Hitbox/CollisionShape2D:disabled")
tracks/5/interp = 1
tracks/5/loop_wrap = true
tracks/5/imported = false
tracks/5/enabled = true
tracks/5/keys = {
"times": PoolRealArray( 0 ),
"transitions": PoolRealArray( 1 ),
"update": 1,
"values": [ true ]
}
tracks/6/type = "value"
tracks/6/path = NodePath("Hurtbox/CollisionShape2D:disabled")
tracks/6/interp = 1
tracks/6/loop_wrap = true
tracks/6/imported = false
tracks/6/enabled = true
tracks/6/keys = {
"times": PoolRealArray( 0 ),
"transitions": PoolRealArray( 1 ),
"update": 1,
"values": [ true ]
}
tracks/7/type = "value"
tracks/7/path = NodePath("HitSFX:playing")
tracks/7/interp = 1
tracks/7/loop_wrap = true
tracks/7/imported = false
tracks/7/enabled = true
tracks/7/keys = {
"times": PoolRealArray( 0 ),
"transitions": PoolRealArray( 1 ),
"update": 1,
"values": [ false ]
}

[sub_resource type="Animation" id=6]
resource_name = "Player1_Hurt"
length = 0.5
tracks/0/type = "value"
tracks/0/path = NodePath("PlayerSprite:texture")
tracks/0/interp = 1
tracks/0/loop_wrap = true
tracks/0/imported = false
tracks/0/enabled = true
tracks/0/keys = {
"times": PoolRealArray( 0 ),
"transitions": PoolRealArray( 1 ),
"update": 1,
"values": [ ExtResource( 7 ) ]
}
tracks/1/type = "value"
tracks/1/path = NodePath("PlayerSprite:frame")
tracks/1/interp = 1
tracks/1/loop_wrap = true
tracks/1/imported = false
tracks/1/enabled = true
tracks/1/keys = {
"times": PoolRealArray( 0.1, 0.2, 0.3 ),
"transitions": PoolRealArray( 1, 1, 1 ),
"update": 1,
"values": [ 0, 1, 2 ]
}
tracks/2/type = "value"
tracks/2/path = NodePath("PlayerSprite:vframes")
tracks/2/interp = 1
tracks/2/loop_wrap = true
tracks/2/imported = false
tracks/2/enabled = true
tracks/2/keys = {
"times": PoolRealArray( 0 ),
"transitions": PoolRealArray( 1 ),
"update": 1,
"values": [ 1 ]
}
tracks/3/type = "value"
tracks/3/path = NodePath("PlayerSprite:hframes")
tracks/3/interp = 1
tracks/3/loop_wrap = true
tracks/3/imported = false
tracks/3/enabled = true
tracks/3/keys = {
"times": PoolRealArray( 0 ),
"transitions": PoolRealArray( 1 ),
"update": 1,
"values": [ 3 ]
}
tracks/4/type = "value"
tracks/4/path = NodePath("PlayerSprite:offset")
tracks/4/interp = 1
tracks/4/loop_wrap = true
tracks/4/imported = false
tracks/4/enabled = true
tracks/4/keys = {
"times": PoolRealArray( 0 ),
"transitions": PoolRealArray( 1 ),
"update": 0,
"values": [ Vector2( 0, -6 ) ]
}
tracks/5/type = "value"
tracks/5/path = NodePath("Hitbox/CollisionShape2D:disabled")
tracks/5/interp = 1
tracks/5/loop_wrap = true
tracks/5/imported = false
tracks/5/enabled = true
tracks/5/keys = {
"times": PoolRealArray( 0 ),
"transitions": PoolRealArray( 1 ),
"update": 1,
"values": [ true ]
}
tracks/6/type = "value"
tracks/6/path = NodePath("Hurtbox/CollisionShape2D:disabled")
tracks/6/interp = 1
tracks/6/loop_wrap = true
tracks/6/imported = false
tracks/6/enabled = true
tracks/6/keys = {
"times": PoolRealArray( 0, 0.5 ),
"transitions": PoolRealArray( 1, 1 ),
"update": 1,
"values": [ true, false ]
}
tracks/7/type = "value"
tracks/7/path = NodePath("HitSFX:playing")
tracks/7/interp = 1
tracks/7/loop_wrap = true
tracks/7/imported = false
tracks/7/enabled = true
tracks/7/keys = {
"times": PoolRealArray( 0 ),
"transitions": PoolRealArray( 1 ),
"update": 1,
"values": [ false ]
}

[sub_resource type="Animation" id=7]
length = 0.8
loop = true
tracks/0/type = "value"
tracks/0/path = NodePath("PlayerSprite:texture")
tracks/0/interp = 1
tracks/0/loop_wrap = true
tracks/0/imported = false
tracks/0/enabled = true
tracks/0/keys = {
"times": PoolRealArray( 0 ),
"transitions": PoolRealArray( 1 ),
"update": 1,
"values": [ ExtResource( 1 ) ]
}
tracks/1/type = "value"
tracks/1/path = NodePath("PlayerSprite:frame")
tracks/1/interp = 1
tracks/1/loop_wrap = true
tracks/1/imported = false
tracks/1/enabled = true
tracks/1/keys = {
"times": PoolRealArray( 0, 0.2, 0.4, 0.6 ),
"transitions": PoolRealArray( 1, 1, 1, 1 ),
"update": 1,
"values": [ 0, 1, 2, 3 ]
}
tracks/2/type = "value"
tracks/2/path = NodePath("PlayerSprite:vframes")
tracks/2/interp = 1
tracks/2/loop_wrap = true
tracks/2/imported = false
tracks/2/enabled = true
tracks/2/keys = {
"times": PoolRealArray( 0 ),
"transitions": PoolRealArray( 1 ),
"update": 1,
"values": [ 1 ]
}
tracks/3/type = "value"
tracks/3/path = NodePath("PlayerSprite:hframes")
tracks/3/interp = 1
tracks/3/loop_wrap = true
tracks/3/imported = false
tracks/3/enabled = true
tracks/3/keys = {
"times": PoolRealArray( 0 ),
"transitions": PoolRealArray( 1 ),
"update": 1,
"values": [ 4 ]
}
tracks/4/type = "value"
tracks/4/path = NodePath("PlayerSprite:offset")
tracks/4/interp = 1
tracks/4/loop_wrap = true
tracks/4/imported = false
tracks/4/enabled = true
tracks/4/keys = {
"times": PoolRealArray( 0 ),
"transitions": PoolRealArray( 1 ),
"update": 0,
"values": [ Vector2( 0, -6 ) ]
}
tracks/5/type = "value"
tracks/5/path = NodePath("Hitbox/CollisionShape2D:disabled")
tracks/5/interp = 1
tracks/5/loop_wrap = true
tracks/5/imported = false
tracks/5/enabled = true
tracks/5/keys = {
"times": PoolRealArray( 0 ),
"transitions": PoolRealArray( 1 ),
"update": 1,
"values": [ true ]
}
tracks/6/type = "value"
tracks/6/path = NodePath("Hurtbox/CollisionShape2D:disabled")
tracks/6/interp = 1
tracks/6/loop_wrap = true
tracks/6/imported = false
tracks/6/enabled = true
tracks/6/keys = {
"times": PoolRealArray( 0 ),
"transitions": PoolRealArray( 1 ),
"update": 1,
"values": [ false ]
}
tracks/7/type = "value"
tracks/7/path = NodePath("HitSFX:playing")
tracks/7/interp = 1
tracks/7/loop_wrap = true
tracks/7/imported = false
tracks/7/enabled = true
tracks/7/keys = {
"times": PoolRealArray( 0 ),
"transitions": PoolRealArray( 1 ),
"update": 1,
"values": [ false ]
}

[sub_resource type="Animation" id=8]
resource_name = "Player1_Run"
length = 1.2
loop = true
tracks/0/type = "value"
tracks/0/path = NodePath("PlayerSprite:texture")
tracks/0/interp = 1
tracks/0/loop_wrap = true
tracks/0/imported = false
tracks/0/enabled = true
tracks/0/keys = {
"times": PoolRealArray( 0 ),
"transitions": PoolRealArray( 1 ),
"update": 1,
"values": [ ExtResource( 8 ) ]
}
tracks/1/type = "value"
tracks/1/path = NodePath("PlayerSprite:frame")
tracks/1/interp = 1
tracks/1/loop_wrap = true
tracks/1/imported = false
tracks/1/enabled = true
tracks/1/keys = {
"times": PoolRealArray( 0, 0.2, 0.4, 0.6, 0.8, 1 ),
"transitions": PoolRealArray( 1, 1, 1, 1, 1, 1 ),
"update": 1,
"values": [ 0, 1, 2, 3, 4, 5 ]
}
tracks/2/type = "value"
tracks/2/path = NodePath("PlayerSprite:vframes")
tracks/2/interp = 1
tracks/2/loop_wrap = true
tracks/2/imported = false
tracks/2/enabled = true
tracks/2/keys = {
"times": PoolRealArray( 0 ),
"transitions": PoolRealArray( 1 ),
"update": 1,
"values": [ 1 ]
}
tracks/3/type = "value"
tracks/3/path = NodePath("PlayerSprite:hframes")
tracks/3/interp = 1
tracks/3/loop_wrap = true
tracks/3/imported = false
tracks/3/enabled = true
tracks/3/keys = {
"times": PoolRealArray( 0 ),
"transitions": PoolRealArray( 1 ),
"update": 1,
"values": [ 6 ]
}
tracks/4/type = "value"
tracks/4/path = NodePath("PlayerSprite:offset")
tracks/4/interp = 1
tracks/4/loop_wrap = true
tracks/4/imported = false
tracks/4/enabled = true
tracks/4/keys = {
"times": PoolRealArray( 0 ),
"transitions": PoolRealArray( 1 ),
"update": 0,
"values": [ Vector2( 0, -6 ) ]
}
tracks/5/type = "value"
tracks/5/path = NodePath("Hitbox/CollisionShape2D:disabled")
tracks/5/interp = 1
tracks/5/loop_wrap = true
tracks/5/imported = false
tracks/5/enabled = true
tracks/5/keys = {
"times": PoolRealArray( 0 ),
"transitions": PoolRealArray( 1 ),
"update": 1,
"values": [ true ]
}
tracks/6/type = "value"
tracks/6/path = NodePath("Hurtbox/CollisionShape2D:disabled")
tracks/6/interp = 1
tracks/6/loop_wrap = true
tracks/6/imported = false
tracks/6/enabled = true
tracks/6/keys = {
"times": PoolRealArray( 0 ),
"transitions": PoolRealArray( 1 ),
"update": 1,
"values": [ false ]
}
tracks/7/type = "value"
tracks/7/path = NodePath("HitSFX:playing")
tracks/7/interp = 1
tracks/7/loop_wrap = true
tracks/7/imported = false
tracks/7/enabled = true
tracks/7/keys = {
"times": PoolRealArray( 0 ),
"transitions": PoolRealArray( 1 ),
"update": 1,
"values": [ false ]
}

[node name="Player" type="KinematicBody2D" groups=[
"Player",
]]
collision_layer = 2
collision_mask = 3
script = ExtResource( 5 )

[node name="PlayerSprite" type="Sprite" parent="."]
light_mask = 0
texture = ExtResource( 1 )
offset = Vector2( 0, -6 )
hframes = 4

[node name="Collider" type="CollisionShape2D" parent="."]
position = Vector2( -1, 0 )
rotation = 1.5708
shape = SubResource( 1 )

[node name="Hitbox" parent="." instance=ExtResource( 4 )]
position = Vector2( 13, -3 )
collision_mask = 9

[node name="CollisionShape2D" parent="Hitbox" index="0"]
rotation = 1.5708
shape = SubResource( 2 )
disabled = true

[node name="Hurtbox" parent="." instance=ExtResource( 3 )]
position = Vector2( -1, -4 )
collision_layer = 4

[node name="CollisionShape2D" parent="Hurtbox" index="0"]
shape = SubResource( 3 )

[node name="AnimationPlayer" type="AnimationPlayer" parent="."]
autoplay = "Player1_Idle"
anims/Player1_Attack = SubResource( 4 )
anims/Player1_Death = SubResource( 5 )
anims/Player1_Hurt = SubResource( 6 )
anims/Player1_Idle = SubResource( 7 )
anims/Player1_Run = SubResource( 8 )

[node name="AttackTimer" type="Timer" parent="."]
wait_time = 0.4
one_shot = true

[node name="DeathTimer" type="Timer" parent="."]
wait_time = 0.8
one_shot = true

[node name="HurtTimer" type="Timer" parent="."]
wait_time = 0.7

[node name="HitSFX" type="AudioStreamPlayer" parent="."]
stream = ExtResource( 9 )
volume_db = -20.0
[connection signal="area_entered" from="Hurtbox" to="." method="_on_Hurtbox_area_entered"]
[connection signal="timeout" from="AttackTimer" to="." method="_on_AttackTimer_timeout"]
[connection signal="timeout" from="DeathTimer" to="." method="_on_DeathTimer_timeout"]
[connection signal="timeout" from="HurtTimer" to="." method="_on_HurtTimer_timeout"]

[editable path="Hitbox"]

[editable path="Hurtbox"]
